<?xml version="1.0" encoding="UTF-8"?><collection xmlns="http://www.loc.gov/MARC21/slim"><record><leader>00616nam--2200193-i-4500</leader><controlfield tag="001">000047599</controlfield><controlfield tag="002">20161230</controlfield><controlfield tag="005">20161230201046</controlfield><controlfield tag="008">060222s1000------------r-----000-0-eng-d</controlfield><datafield ind1=" " ind2=" " tag="020"><subfield code="a">9971966263</subfield></datafield><datafield ind1=" " ind2=" " tag="040"><subfield code="a">IFIN-HH</subfield></datafield><datafield ind1=" " ind2=" " tag="080"><subfield code="a">539.12.01(061.3)</subfield></datafield><datafield ind1="1" ind2=" " tag="100"><subfield code="a">Lynn, B.W</subfield></datafield><datafield ind1="1" ind2="0" tag="245"><subfield code="a">Radiative corrections in su(2)l x u(1)</subfield><subfield code="b">Workshop on radiative corrections in su(2)l x u(1) miramare, trieste, italy 6-8 june 1983</subfield><subfield code="c">B.w. lynn, j.f. wheater (eds.)</subfield></datafield><datafield ind1=" " ind2=" " tag="260"><subfield code="a">Singapore</subfield><subfield code="b">World Scientific</subfield><subfield code="c">1984</subfield></datafield><datafield ind1=" " ind2=" " tag="300"><subfield code="a">X + 335P</subfield></datafield><datafield ind1="1" ind2=" " tag="700"><subfield code="a">Wheater, J.F</subfield><subfield code="e">Ed</subfield></datafield><datafield ind1=" " ind2=" " tag="852"><subfield code="a">79158</subfield><subfield code="c">539.12.04</subfield></datafield><datafield ind1=" " ind2=" " tag="CAT"><subfield code="a">Sys</subfield><subfield code="c">20120222</subfield><subfield code="h">143649</subfield></datafield></record></collection>